@Misc{tor-network-size,
  key =    {Network Size},
  title =    {Tor Network Size},
  howpublished = {\url{https://metrics.torproject.org/networksize.html}}}

@Misc{tor-design,
  key =    {Tor Design Paper},
  title =    {Tor Design Paper},
  howpublished = {\url{https://svn.torproject.org/svn/projects/design-paper/tor-design.html
}}}

@Misc{monkeysphere,
  key = 	 {monkeysphere},
  title = 	 {Monkeysphere},
  howpublished = {\url{http://web.monkeysphere.info/}}}

@Misc{hs-config,
  key = 	 {Configuring Hidden Services for Tor},
  title = 	 {{Configuring Hidden Services for Tor}},
  howpublished = {\url{https://www.torproject.org/docs/tor-hidden-service.html.en}}}

@Misc{cab-ballot144,
  key = 	 {cab ballot 144},
  title = 	 {Ballot 144 -- Validation rules for .onion names},
  howpublished = {\url{https://cabforum.org/2015/02/18/ballot-144-validation-rules-dot-onion-names/}},
  month = 	 {Feb.},
  year = 	 2015}

@Misc{wikipedia-ev,
  key = 	 {Extended Validation},
  title = 	 {Extended Validation Certificate},
  howpublished = {\url{https://en.wikipedia.org/wiki/Extended_Validation_Certificate}}}

@Misc{convergence,
  key = 	 {convergence},
  title = 	 {Convergence},
  howpublished = {\url{http://convergence.io/}},
  year = 	 2011}

@InProceedings{forged-ssl-oakland14,
  author = 	 {Lin-Shung Huang  and Alex Rice and Erling Ellingsen
                  and Collin Jackson}, 
  title = 	 {{Analyzing Forged SSL Certificates in the Wild}},
  booktitle = {IEEE Symposium on Security and Privacy (SP), 2014},
  pages = 	 {83--97},
  year = 	 2014,
  month = 	 {May}}

@Misc{eff-mitm-2011,
  author = 	 {Seth Schoen and Eva Galperin},
  title = 	 {{Iranian Man-in-the-Middle Attack Against Google
                  Demonstrates Dangerous Weakness of Certificate
                  Authorities}}, 
  howpublished =
                  {\url{https://www.eff.org/deeplinks/2011/08/iranian-man-middle-attack-against-google}}, 
  month = 	 {August},
  year = 	 2011}

@Misc{zimmerman,
  author = 	 {Philip Zimmerman},
  title = 	 {{Why OpenPGP's PKI is better than an X.509 PKI}},
  howpublished = {\url{http://www.openpgp.org/technical/whybetter.shtml}},
  month = 	 {February},
  year = 	 2001}

@Misc{torproject,
   key = {torproject},
   title = {{The Tor Project}},
   howpublished = {\url{https://www.torproject.org/}},
}

@Misc{tor-hs,
   key = {tor hidden services},
   title = {{Tor: Hidden Services Protocol}},
   howpublished = {\url{https://www.torproject.org/docs/hidden-services.html.en}}
}

@Misc{tor-rend-spec,
   key = {tor rendezvous specification},
   title = {{Tor Rendezvous Specification}},
   howpublished = {\url{https://gitweb.torproject.org/torspec.git/tree/rend-spec.txt}},
}

@Misc{vickers-onions,
  author = 	 {Jesse Vickers},
  title = 	 {{OnioNS} -- the Onion Name System},
  howpublished = {\url{https://github.com/Jesse-V/OnioNS-server}}}

@Misc{ahmia,
  key = 	 {ahmia},
  title = 	 {{Tor Hidden Service (.onion) search: Ahmia.fi}},
  howpublished = {\url{https://ahmia.fi/search/}}
}

@Misc{lets-encrypt,
  key = 	 {lets encrypt},
  title = 	 {{Let's Encrypt: Delivering SSL/TLS Everywhere}},
  howpublished = {\url{https://letsencrypt.org/2014/11/18/announcing-lets-encrypt.html}},
  month = 	 {November},
  year = 	 2014
}

@Misc{ssl-observatory,
  key = 	 {ssl observatory},
  title = 	 {{The EFF SSL Observatory}},
  howpublished = {\url{https://www.eff.org/observatory}}
}

@Misc{gsa-tos,
  key = 	 {general services administration},
  author = 	 {{U.S. General Services Administration}},
  title = 	 {List of Negotiated Terms of Service Agreements},
  howpublished = {\url{https://www.digitalgov.gov/resources/negotiated-terms-of-service-agreements/}}}

@Misc{https-everywhere,
  key = 	 {https everywhere},
  author = 	 {{HTTPS Everywhere}},
  howpublished = {\url{https://www.eff.org/https-everywhere}}}

@Misc{certificate-transparency,
  key = 	 {certificate transparency},
  title = 	 {{Certificate Transparency}},
  howpublished = {\url{http://www.certificate-transparency.org/}}
}

@Misc{perspectives,
  key = 	 {perspectives project},
  title = 	 {{Perspectives Project}},
  howpublished = {\url{https://www.perspectives-project.org/}}
}

@Misc{tor2web,
  key = 	 {tor2web},
  title = 	 {{Tor2web: browse the anonymous internet}},
  howpublished = {\url{https://www.tor2web.org/}}
}

@Misc{cozy,
  key = 	 {cozy},
  title = 	 {{Cozy: a Personal Cloud You can Host, Hack and Delete}},
  howpublished = {\url{http://cozy.io/}}
}

@inproceedings{perspectives-paper,
  title={{Perspectives: Improving SSH-style Host Authentication with
                  Multi-Path Probing}},
  author={Wendlandt, Dan and Andersen, David G. and Perrig, Adrian},
  booktitle={USENIX Annual Technical Conference},
  pages={321--334},
  year={2008}
}


@inproceedings{tor-design,
  title = {{Tor: The Second-Generation Onion Router}}, 
  author = {Roger Dingledine and Nick Mathewson and Paul Syverson}, 
  booktitle = {Proceedings of the 13th USENIX Security Symposium}, 
  year = 2004, 
  month = {August}, 
  www_important = 1, 
  www_tags = {selected}, 
  www_html_url = {https://svn.torproject.org/svn/projects/design-paper/tor-design.html}, 
  www_pdf_url = {https://svn.torproject.org/svn/projects/design-paper/tor-design.pdf}, 
  www_section = {Anonymous communication}, 
}

@Misc{libevent,
title = {{libevent --- an event notification library}},
howpublished = {\url{http://libevent.org/}},
}

@Misc{igraph,
title = {{igraph --- The network analysis package}},
howpublished = {\url{http://igraph.org/}},
}

@Misc{libpcap,
title = {{libpcap --- a portable C/C++ library for network traffic capture}},
howpublished = {\url{http://www.tcpdump.org/}},
}

@Misc{caidadata,
title = {{CAIDA Data}},
howpublished = {\url{http://www.caida.org/data}},
}

@Misc{tormetrics,
title = {{Tor Metrics Portal}},
howpublished = {\url{http://metrics.torproject.org/}},
}

@Misc{torperf,
title = {{TorPerf}},
howpublished = {\url{https://gitweb.torproject.org/torperf.git/}},
}

@Misc{alexa,
title = {{Alexa The Web Information Company. Top 1 million sites.}},
howpublished = {\url{http://s3.amazonaws.com/alexa-static/top-1m.csv.zip}},
note = {Retrieved January 31, 2012.}
}

@techreport{planetlab,
  author  = "Larry Peterson and Steve Muir and Timothy Roscoe and Aaron
      Klingaman",
  title   = "{PlanetLab Architecture: An Overview}",
  institution = "PlanetLab Consortium",
  year    = {2006}
}

@Misc{googlemetrics,
title = {{Web metrics: Size and number of resources}},
author={Sreeram Ramachandran},
howpublished = {\url{https://developers.google.com/speed/articles/web-metrics}},
year = {2010}, 
}

@techreport{tor-2009-11-001,
  author = {Roger Dingledine and Steven J. Murdoch},
  title = {Performance Improvements on {T}or or, Why {T}or is slow and what we're going to do about it},
  institution = {The Tor Project},
  number = {2009-11-001},
  year = {2009},
  month = {November},
  url = {https://research.torproject.org/techreports/performance-2009-11-09.pdf}
}
@InProceedings{usability:weis2006,
  author = 	 {Roger Dingledine and Nick Mathewson},
  title = 	 {Anonymity Loves Company: Usability and the Network Effect},
  booktitle = {Fifth Workshop on the Economics of Information Security
        (WEIS 2006)},
  year = 	 2006,
  editor = 	 {Ross Anderson},
  month = 	 {June},
  bookurl =      {http://weis2006.econinfosec.org/prog.html}, 
}


@Article{challenges:sp07,
  author = 	 {Roger Dingledine and Nick Mathewson and Paul Syverson},
  title = 	 {Deploying Low-latency Anonymity: Design Challenges
                  and Social Factors},
  journal = 	 {IEEE Security \& Privacy},
  year = 	 2007,
  volume = 	 5,
  number = 	 5,
  pages = 	 {83--87},
  month = 	 {September/October}}

@Article{latencyleak-tissec,
  author = 	 {Nicholas Hopper and Eugene Y. Vasserman and Eric Chan-Tin},
  title = 	 {How Much Anonymity does Network Latency Leak?},
  journal = 	 {ACM Transactions on Information and System Security},
  year = 	 2010,
  volume = 	 13,
  number = 	 2,
  pages = 	 {13--28},
  month = 	 {February}
}

@InProceedings{ccs07-hopper,
  author = 	 {Nicholas Hopper and Eugene Y. Vasserman and Eric Chan-Tin},
  title = 	 {How Much Anonymity does Network Latency Leak?},
  pages = 	 {82--91},
  booktitle = {CCS'07: Proceedings of the 14th ACM Conference on
                  Computer and Communications Security},
  year = 	 2007,
  editor = 	 {Sabrina {De Capitani di Vimercati} and Paul Syverson
                  and David Evans},
  publisher = {ACM Press},
  note = {Expanded and revised version in~\cite{latencyleak-tissec}.}
}


@InProceedings{lira-ndss13,
  author = 	 {Rob Jansen and Aaron Johnson and Paul Syverson},
  title = 	 {{LIRA}: Lightweight Incentivized Routing for Anonymity},
  booktitle =    {20th Annual Network \& Distributed
                  System Security Symposium (NDSS '13)},
  year = 	 2013,
  publisher = {Internet Society}
}

@inproceedings{ccs10-braids,
  title = {Recruiting New {T}or Relays with {BRAIDS}}, 
  author = {Rob Jansen and Nicholas Hopper and Yongdae Kim}, 
  booktitle = {Proceedings of the 2010 ACM Conference on Computer and Communications
        Security (CCS 2010)}, 
  year = {2010}, 
  month = {October}, 
  location = {Chicago, Illinois, USA}, 
  editor = {Angelos D. Keromytis and Vitaly Shmatikov}, 
  publisher = {ACM}, 
  www_section = {Anonymous communication}, 
  www_pdf_url = {http://www-users.cs.umn.edu/~hopper/braids_ccs.pdf}, 
  www_tags = {selected}, 
}

@inproceedings{back:ih01,
  title = {Traffic Analysis Attacks and Trade-Offs in Anonymity
                  Providing Systems},
  author = {Adam Back and Ulf M\"oller and Anton Stiglic}, 
  pages = {245--257}, 
  booktitle = {Information Hiding: 4th International Workshop, IH 2001}, 
  year = {2001}, 
  month = {April},
  address = {Pittsburgh, PA, USA},
  editor = {Ira S. Moskowitz}, 
  publisher = {Springer-Verlag, LNCS 2137}, 
  www_pdf_url = {http://www.cypherspace.org/adam/pubs/traffic.pdf}, 
  www_section = {Traffic analysis}, 
}


@InProceedings{hs-attack06,
  title     = {Locating Hidden Servers}, 
  author    = {Lasse {\O}verlier and Paul Syverson}, 
  booktitle = {2006 {IEEE} Symposium on Security and
                  Privacy ({S\& P} 2006), Proceedings}, 
  year      = {2006}, 
  month     = {May}, 
  pages     = {100--114},
  publisher = {IEEE CS}
}

@phdthesis{jansen2012thesis,
title = {Privacy Preserving Performance Enhancements for Anonymous Communication Systems},
author = {Rob Jansen},
school = {University of Minnesota},
year = {2012},
month = {October},
}

@conference{jansen2012shadow,
  title={{S}hadow: Running {T}or in a Box for Accurate and Efficient Experimentation},
  author={Rob Jansen and Nicholas Hopper},
  booktitle={Proc. of the 19th Network and Distributed System Security Symposium},
  year={2012},
}

@Misc{shadowweb,
title = {{Shadow Homepage}},
howpublished = {\url{http://shadow.github.io/}},
}

@Misc{shadowgit,
title = {{Shadow Git Repository}},
howpublished = {\url{https://github.com/shadow/shadow}},
}

@Misc{shadowtorgit,
title = {{Shadow Tor plug-in Git Repository}},
howpublished = {\url{https://github.com/shadow/shadow-plugin-tor}},
}

@misc{deter,
  title = {{DETER Testbed}},
  howpublished = {\url{http://www.isi.edu/deter}}
}

@Misc{torpsweb,
title = {{TorPS Homepage}},
howpublished = {\url{http://torps.github.io/}},
}

@Misc{torpsgit,
title = {{TorPS Development Repositories}},
howpublished = {\url{https://github.com/torps/}},
}

@inproceedings{tang2010scheduling,
  title = {An Improved Algorithm for {T}or Circuit Scheduling}, 
  author = {Can Tang and Ian Goldberg}, 
  booktitle = {Proc. of the 17th Conference on Computer and Communication Security},
  year = {2010}
}

@inproceedings{torta05,
  title = {Low-Cost Traffic Analysis of {T}or}, 
  author = {Steven J. Murdoch and George Danezis}, 
  booktitle = {2005 {IEEE} Symposium on Security and Privacy,({IEEE
                  S\&P 2005}) Proceedings}, 
  year = {2005}, 
  month = {May}, 
  publisher = {IEEE CS}, 
  pages = {183--195},
  www_important = {1}, 
  www_pdf_url = {http://www.cl.cam.ac.uk/users/sjm217/papers/oakland05torta.pdf}, 
  www_section = {Traffic analysis}, 
}

@InProceedings{long-paths,
  author = 	 {Nathan S. Evans and Roger Dingledine and Christian Grothoff},
  title = 	 {A Practical Congestion Attack on {T}or Using Long
                  Paths},
   booktitle =   {Proceedings of the 18th {USENIX} Security Symposium},
   pages =       {33--50},
   year =        {2009},
   month =       {August},
   address =     {Montreal, Canada}, 
   publisher =   {USENIX Association}
}

@InProceedings{nettrust,
  author = 	 {Preeti Hariharan and Farzaneh Asgharpour and L. Jean
                  Camp}, 
  title = 	 {{NetTrust} - Recommendation System for Embedding
                  Trust in a Virtual Realm}, 
  booktitle = {Proceedings of the ACM Conference on Recommender
                  Systems}, 
  year = 	 2007,
  publisher = {ACM Press}}

@InProceedings{mittal-stealthy,
  author = 	 {Prateek Mittal and Ahmed Khurshid and Joshua Juen
                  and Matthew Caesar and Nikita Borisov},
  title = 	 {Stealthy Traffic Analysis of Low-Latency Anonymous
                  Communication Using Throughput Fingerprinting},
  booktitle =    {CCS'11: Proceedings of the 18th ACM Conference on
                  Computer and Communications Security},
  year = 	 2011,
  month =        {October},
  publisher = {ACM Press}
}

@InProceedings{howlow,
  author = 	 {John Geddes and Rob Jansen and Nicholas Hopper},
  title = 	 {How Low Can You Go: Balancing Performance with
                  Anonymity in {T}or},
  pages =        {164--184},
  booktitle =    {Privacy Enhancing Technologies: 13th International
                  Symposium, {PETS} 2013},
  year =         2013,
  month =        {July},
  editor =       {Emiliano {De Cristofaro} and Matthew Wright},
  publisher =    {Springer-Verlag, LNCS 7981}
}

@InProceedings{ccs06-hotclockskew,
  author = 	 {Steven J. Murdoch},
  title = 	 {Hot or Not: Revealing Hidden Services by their Clock
                  Skew},
  pages = 	 {27--36},
  booktitle = {CCS'06: Proceedings of the 13th ACM Conference on
                  Computer and Communications Security},
  year = 	 2006,
  editor = 	 {Rebecca N. Wright and Sabrina {De Capitani di
                  Vimercati} and Vitaly Shmatikov},
  publisher = {ACM Press}
}

@inproceedings{jansen2012throttling,
  title = {Throttling {T}or Bandwidth Parasites},  
  author = {Rob Jansen and Paul Syverson and Nicholas Hopper}, 
  booktitle = {Proceedings of the 21st USENIX Security Symposium},  
  year = {2012}, 
  month = {August}, 
  publisher = {USENIX Association}, 
}

@InProceedings{entropist,
  author = 	 {Paul Syverson},
  title = 	 {Why {I'm} not an Entropist},
  booktitle =    {Security Protocols XVII: Seventeenth International
                  Workshop, Cambridge UK, April 2009, Revised Selected
                  Papers},
  year = 	 2013,
  editor =       {Bruce Christianson and James A Malcolm and Vashek
                  Maty\'{a}\v{s} and Michael Roe},
  publisher = {Springer-Verlag, LNCS 7028}
}

@Misc{tor-spec,
  author = 	 {Roger Dingledine and Nick Mathewson},
  title = 	 {{T}or Protocol Specification},
  howpublished = {\url{https://gitweb.torproject.org/torspec.git?a=blob_plain;hb=HEAD;f=tor-spec.txt}}}
  
@Misc{dir-spec,
  key = 	 {Tor directory protocol},
  title = 	 {Tor directory protocol},
  howpublished = {\url{https://gitweb.torproject.org/torspec.git/blob/HEAD:/dir-spec.txt}}}

@inproceedings{ndss13-relay-selection,
  title = {An Empirical Evaluation of Relay Selection in {T}or}, 
  author = {Christopher Wacek and Henry Tan and Kevin Bauer and Micah Sherr}, 
  booktitle = {Proceedings of the Network and Distributed System Security Symposium -
        {NDSS}'13}, 
  year = {2013}, 
  month = {February}, 
  publisher = {Internet Society}, 
  www_tags = {selected}, 
  www_pdf_url = {https://security.cs.georgetown.edu/~msherr/papers/tor-relaystudy.pdf}, 
  www_section = {Anonymous communication}, 
}

@inproceedings{ccs2013-usersrouted,
  title = {Users Get Routed: Traffic Correlation on {T}or by Realistic Adversaries}, 
  author = {Aaron Johnson and Chris Wacek and Rob Jansen and Micah Sherr and Paul
        Syverson}, 
  booktitle = {Proceedings of the 20th ACM conference on Computer and Communications
        Security (CCS 2013)}, 
  year = {2013}, 
  month = {November}, 
  www_tags = {selected}, 
  www_pdf_url = {http://www.ohmygodel.com/publications/usersrouted-ccs13.pdf}, 
  www_section = {Traffic analysis}, 
}

@inproceedings{mccoy-pet2008,
  title = {Shining Light in Dark Places: Understanding the {T}or Network}, 
  author = {Damon McCoy and Kevin Bauer and Dirk Grunwald and
                  Tadayoshi Kohno and Douglas Sicker}, 
  booktitle = {Privacy Enhancing Technologies: 8th International
                  Symposium, {PETS} 2008}, 
  year = {2008}, 
  month = {July}, 
  address = {Leuven, Belgium}, 
  pages = {63--76}, 
  editor = {Nikita Borisov and Ian Goldberg}, 
  publisher = {Springer-Verlag, LNCS 5134}, 
  www_section = {Misc}, 
  bookurl = {http://petsymposium.org/2008/}, 
  www_pdf_url = {http://www.cs.washington.edu/homes/yoshi/papers/Tor/PETS2008_37.pdf}, 
  www_tags = {selected}, 
}

@inproceedings{chaabane2010digging,
  title={Digging into Anonymous Traffic: A Deep Analysis of the {T}or Anonymizing Network},
  author={Chaabane, A. and Manils, P. and Kaafar, M.A.},
  booktitle={Network and System Security (NSS), 2010 4th International Conference on},
  pages={167--174},
  year={2010},
  organization={IEEE}
}

@inproceedings{acsac11-tortoise,
  title = {Exploring the Potential Benefits of Expanded Rate Limiting in {T}or: Slow and
        Steady Wins the Race With {T}ortoise}, 
  author = {W. Brad Moore and Chris Wacek and Micah Sherr}, 
  booktitle = {Proceedings of 2011 Annual Computer Security Applications Conference
        (ACSAC'11), Orlando, FL, USA}, 
  year = {2011}, 
  month = {December}, 
  www_tags = {selected}, 
  www_pdf_url = {https://security.cs.georgetown.edu/papers/tortoise.pdf}, 
  www_section = {Anonymous communication}, 
}

@inproceedings{ccs2012-classification,
  title = {Enhancing {T}or's Performance using Real-time Traffic Classification}, 
  author = {Mashael AlSabah and Kevin Bauer and Ian Goldberg}, 
  booktitle = {Proceedings of the 19th ACM conference on Computer and Communications
        Security (CCS 2012)}, 
  year = {2012}, 
  month = {October}, 
  www_tags = {selected}, 
  www_pdf_url = {https://cs.uwaterloo.ca/~iang/pubs/difftor-ccs.pdf}, 
  www_section = {Anonymous communication}, 
}

@inproceedings{pets2011-defenestrator,
  title = {{D}efenestra{T}or: Throwing out Windows in {T}or}, 
  author = {Mashael AlSabah and Kevin Bauer and Ian Goldberg and Dirk Grunwald and Damon
        McCoy and Stefan Savage and Geoffrey M. Voelker}, 
  booktitle = {Proceedings of the 11th Privacy Enhancing Technologies Symposium (PETS
        2011)}, 
  year = {2011}, 
  month = {July}, 
  location = {Waterloo, Canada}, 
  www_tags = {selected}, 
  www_pdf_url = {http://freehaven.net/anonbib/papers/pets2011/p8-alsabah.pdf}, 
  www_section = {Anonymous communication}, 
}

@inproceedings{congestion-tor12,
  title = {{Congestion-aware Path Selection for {T}or}}, 
  author = {Tao Wang and Kevin Bauer and Clara Forero and Ian Goldberg}, 
  booktitle = {Proceedings of Financial Cryptography and Data Security (FC'12)}, 
  year = {2012}, 
  month = {February}, 
  www_pdf_url = {http://www.cypherpunks.ca/~iang/pubs/Congestion_Aware_FC12.pdf}, 
  www_tags = {selected}, 
  www_section = {Anonymous communication}, 
}

@inproceedings{pets13-splitting,
  title = {The Path Less Travelled: Overcoming {T}or's Bottlenecks with Traffic Splitting}, 
  author = {Mashael Alsabah and Kevin Bauer and Tariq Elahi and Ian Goldberg}, 
  booktitle = {Proceedings of the 13th Privacy Enhancing Technologies Symposium (PETS
        2013)}, 
  year = {2013}, 
  month = {July}, 
  www_pdf_url = {http://www.cypherpunks.ca/~iang/pubs/conflux-pets.pdf}, 
  www_tags = {selected}, 
  www_section = {Anonymous communication}, 
}

@inproceedings{ccs2013-pctcp,
  title = {{PCTCP}: Per-Circuit {TCP}-over-{IPsec} Transport for Anonymous Communication Overlay
        Networks}, 
  author = {Mashael AlSabah and Ian Goldberg}, 
  booktitle = {Proceedings of the 20th ACM conference on Computer and Communications
        Security (CCS 2013)}, 
  year = {2013}, 
  month = {November}, 
  www_tags = {selected}, 
  www_pdf_url = {http://www.cypherpunks.ca/~iang/pubs/pctcp-ccs.pdf}, 
  www_section = {Anonymous communication}, 
}

@inproceedings{wpes12-torchestra,
  title = {Torchestra: Reducing interactive traffic delays over {T}or}, 
  author = {Deepika Gopal and Nadia Heninger}, 
  booktitle = {Proceedings of the Workshop on Privacy in the Electronic Society (WPES
        2012)}, 
  year = {2012}, 
  month = {October}, 
  location = {Raleigh, NC, USA}, 
  publisher = {ACM}, 
  www_tags = {selected}, 
  www_pdf_url = {http://freehaven.net/anonbib/papers/torchestra-wpes.pdf}, 
  www_section = {Anonymous communication}, 
}

@inproceedings{sniper14,
  title = {The Sniper Attack: Anonymously Deanonymizing and Disabling the {T}or Network}, 
  author = {Rob Jansen and Florian Tschorsch and Aaron Johnson and Bj{\"{o}}rn
        Scheuermann}, 
  booktitle = {Proceedings of the Network and Distributed Security Symposium - {NDSS} '14}, 
  year = {2014}, 
  month = {February}, 
  publisher = {IEEE}, 
  www_tags = {selected}, 
  www_pdf_url = {http://www-users.cs.umn.edu/~jansen/papers/sniper-ndss2014.pdf}, 
  www_section = {Traffic analysis}, 
}

@inproceedings{usabilityweis2006,
  title = {Anonymity Loves Company: Usability and the Network Effect}, 
  author = {Roger Dingledine and Nick Mathewson}, 
  booktitle = {Proceedings of the Fifth Workshop on the Economics of Information Security
        (WEIS 2006)}, 
  year = {2006}, 
  month = {June}, 
  location = {Cambridge, UK}, 
  editor = {Ross Anderson}, 
  www_section = {Economics}, 
  bookurl = {http://weis2006.econinfosec.org/}, 
  www_pdf_url = {http://freehaven.net/doc/wupss04/usability.pdf}, 
  www_tags = {selected}, 
}

@techreport{tor-2013-11-001,
  author = {Nicholas Hopper},
  title = {Protecting {T}or from botnet abuse in the long term},
  institution = {The Tor Project},
  number = {2013-11-001},
  year = {2013},
  month = {November},
  url = {https://research.torproject.org/techreports/botnet-tr-2013-11-20.pdf}
}

@inproceedings{sybil,
  title = {The Sybil Attack}, 
  author = {John Douceur}, 
  booktitle = {Proceedings of the 1st International Peer To Peer Systems Workshop (IPTPS
        2002)}, 
  year = {2002}, 
  month = {March}, 
  www_important = {1}, 
  www_tags = {selected}, 
  www_pdf_url = {http://www.cs.rice.edu/Conferences/IPTPS02/101.pdf}, 
  www_section = {Traffic analysis}, 
}

@inproceedings{cset12modeling,
  title = {Methodically Modeling the {T}or Network}, 
  author = {Rob Jansen and Kevin Bauer and Nicholas Hopper and Roger Dingledine}, 
  booktitle = {Proceedings of the USENIX Workshop on Cyber Security Experimentation and
        Test (CSET 2012)}, 
  year = {2012}, 
  month = {August}, 
  www_tags = {selected}, 
  www_pdf_url = {http://www-users.cs.umn.edu/~jansen/papers/tormodel-cset2012.pdf}, 
  www_section = {Anonymous communication}, 
}

@inproceedings{weigle2002comparison,
  title={A comparison of {TCP} automatic tuning techniques for distributed computing},
  author={Weigle, Eric and Feng, Wu-chun},
  booktitle={High Performance Distributed Computing, 2002. HPDC-11 2002. Proceedings. 11th IEEE International Symposium on},
  pages={265--272},
  year={2002},
  organization={IEEE}
}

@article{jain1986packet,
  title={Packet trains--measurements and a new model for computer network traffic},
  author={Jain, Raj and Routhier, Shawn},
  journal={Selected Areas in Communications, IEEE Journal on},
  volume={4},
  number={6},
  pages={986--995},
  year={1986},
  publisher={IEEE}
}

@InProceedings{clogging-revisited,
  author = 	 {Eric Chan-Tin and Jiyoung Shin and Jiangmin Yu},
  title = 	 {Revisiting Circuit Clogging Attacks on {Tor}},
  booktitle = {Eighth International Conference on Availability, Reliability
                and Security (ARES 2013)}, 
  pages = 	 {131--140},
  year = 	 2013,
  month =     {September},
  publisher = {IEEE}
}

@article{tcp-cubic,
  title={{CUBIC}: a new {TCP}-friendly high-speed {TCP} variant},
  author={Ha, Sangtae and Rhee, Injong and Xu, Lisong},
  journal={ACM SIGOPS Operating Systems Review},
  volume={42},
  number={5},
  pages={64--74},
  year={2008},
  publisher={ACM}
}

@article{tcp-fack,
  title={Forward acknowledgement: Refining {TCP} congestion control},
  author={Mathis, Matthew and Mahdavi, Jamshid},
  journal={ACM SIGCOMM Computer Communication Review},
  volume={26},
  number={4},
  pages={281--291},
  year={1996},
  publisher={ACM}
}

@misc{single-onion-proposal,
  author="John Brooks and Paul Syverson and Roger Dingledine",
  title={Single Onion Services, ({Tor} proposal 252},
  series="Tor Proposal",
  number="252",
  publisher="The Tor Project",
  year=2015,
    url="https://gitweb.torproject.org/torspec.git/tree/proposals/252-single-onion.txt",
}



@Misc{ietf-onion-tld-rfc,
  author = 	 {Jake Appelbaum and Alec Muffett},
  title = 	 {The .onion Special-Use Domain Name},
  series =       {Request for Comments},
  howpublished = {\url{https://datatracker.ietf.org/doc/draft-ietf-dnsop-onion-tld/}},
  year = 	 2015}

@misc{rfc5681,
  author="M. Allman and V. Paxson and E. Blanton",
  title={{TCP} Congestion Control},
  series="Request for Comments",
  number="5681",
  howpublished="RFC 5681 (Draft Standard)",
  publisher="IETF",
  organization="Internet Engineering Task Force",
  year=2009,
  month=sep,
    url="http://www.ietf.org/rfc/rfc5681.txt",
}

@misc{rfc6582,
  author="T. Henderson and S. Floyd and A. Gurtov and Y. Nishida",
  title="{The {N}ew{R}eno Modification to {TCP}'s Fast Recovery Algorithm}",
  series="Request for Comments",
  number="6582",
  howpublished="RFC 6582 (Proposed Standard)",
  publisher="IETF",
  organization="Internet Engineering Task Force",
  year=2012,
  month=apr,
    url="http://www.ietf.org/rfc/rfc6582.txt",
}

@misc{rfc2018,
  author="M. Mathis and J. Mahdavi and S. Floyd and A. Romanow",
  title="{{TCP} Selective Acknowledgment Options}",
  series="Request for Comments",
  number="2018",
  howpublished="RFC 2018 (Proposed Standard)",
  publisher="IETF",
  organization="Internet Engineering Task Force",
  year=1996,
  month=oct,
    url="http://www.ietf.org/rfc/rfc2018.txt",
}

@misc{rfc6298,
  author="V. Paxson and M. Allman and J. Chu and M. Sargent",
  title="{Computing {TCP}'s Retransmission Timer}",
  series="Request for Comments",
  number="6298",
  howpublished="RFC 6298 (Proposed Standard)",
  publisher="IETF",
  organization="Internet Engineering Task Force",
  year=2011,
  month=jun,
    url="http://www.ietf.org/rfc/rfc6298.txt",
}

@Misc{ns,
key = {ns},
title = {The {N}etwork {S}imulator -- {ns-2}},
howpublished = {\url{http://www.isi.edu/nsnam/ns/}},
}

@misc{blutmagie,
  note = {\url{http://torstatus.blutmagie.de/index.php}},
  title = {{T}or network status},
  key = "Tor network status",
}

@techreport{tor-datagram-comparison,
  author = "Steven J. Murdoch",
  institution = "Tor",
  type = "Tech Report",
  title = {Comparison of {T}or Datagram Designs},
  note = {\url{http://www.cl.cam.ac.uk/~sjm217/papers/tor11datagramcomparison.pdf}},
  number = "2011-11-001",
  month = "November",
  year = "2011"
}


@inproceedings{nowlanreducing,
  title={Reducing Latency in {T}or Circuits with Unordered Delivery},
  author={Nowlan, Michael F and Wolinsky, David and Ford, Bryan},
  booktitle={USENIX Workshop on Free and Open Communications on the Internet (FOCI)},
  year="2013"
}


@inproceedings{nowlan2012fitting,
  title={Fitting square pegs through round pipes},
  author={Nowlan, Michael F and Tiwari, Nabin and Iyengar, Janardhan and Amin, Syed Obaid and Ford, Bryan},
  year={2012},
  booktitle={USENIX Symposium on Networked Systems Design and Implementation (NSDI)}
}

@inproceedings{jsdm11ccs,
 author = {Johnson, Aaron and Syverson, Paul and Dingledine, Roger and Mathewson, Nick},
 title = {Trust-based Anonymous Communication: Adversary Models and Routing Algorithms},
 booktitle = {Proceedings of the 18th ACM Conference on Computer and Communications Security},
 series = {CCS '11},
 year = {2011},
 isbn = {978-1-4503-0948-6},
 location = {Chicago, Illinois, USA},
 pages = {175--186},
 numpages = {12},
 url = {http://doi.acm.org/10.1145/2046707.2046729},
 doi = {10.1145/2046707.2046729},
 acmid = {2046729},
 publisher = {ACM},
 address = {New York, NY, USA},
 keywords = {anonymous communication, onion routing, privacy, trust}
} 

@Misc{sleeping-dogs,
  author = 	 {Paul Syverson},
  title = 	 {Sleeping dogs lie in a bed of onions but wake when mixed},
  howpublished = {4th Hot Topics in Privacy Enhancing Technologies (HotPETs)},
  month = 	 {July},
  year = 	 2011
}


@InProceedings{trusted-set,
  author = 	 {Aaron Johnson and Paul Syverson},
  title = 	 {More Anonymous Onion Routing Through Trust},
  booktitle =    {22nd IEEE Computer Security Foundations Symposium, CSF 2009},
  pages =        {3--12},
  year =         {2009},
  address =   {Port Jefferson, New York},
  month =        {July},
  publisher = {IEEE Computer Society}
}


@misc{jjsf14hotpets,
  author = 	 {Jaggard, Aaron D. and Johnson, Aaron and Syverson, Paul and Feigenbaum, Joan},
  title = 	 {Representing Network Trust and Using It to Improve Anonymous Communication},
  howpublished = {Presented at the 7th Workshop on Hot Topics in Privacy Enhancing Technologies ({HotPETs} 2014)},
  month = 	 {July},
  year = 	 2014,
  url = {http://arxiv.org/abs/1406.3583}
}

@Article{chaum-mix,
   author =      {David Chaum},
   title =       {Untraceable electronic mail, return addresses, and
                  digital pseudonyms},
   journal =     {Communications of the ACM},
   year =        {1981},
   volume =      {4},
   number =      {2},
   month =       {February},
   pages =       {84--88},
   www_html_url = {http://world.std.com/~franl/crypto/chaum-acm-1981.html},
   www_pdf_url = {http://www.ovmj.org/GNUnet/papers/p84-chaum.pdf},
   www_important = {1},
}

@inproceedings{drac-pet2010,
  title = {Drac: An Architecture for Anonymous Low-Volume Communications}, 
  author = {George Danezis and Claudia Diaz and Carmela Troncoso and Ben Laurie}, 
  booktitle = {Proceedings of the 10th Privacy Enhancing Technologies Symposium (PETS
        2010)}, 
  year = {2010}, 
  month = {July}, 
  location = {Berlin, Germany}, 
  www_tags = {selected}, 
  www_pdf_url = {http://freehaven.net/anonbib/papers/pets2010/p12-danezis.pdf}, 
  www_section = {Anonymous communication}, 
}

@InProceedings{pisces-ndss13,
  author = 	 {Prateek Mittal and Matthew Wright and Nikita
                  Borisov},
  title = 	 {Pisces: Anonymous Communication Using Social Networks},
  booktitle =    {20th Annual Network \& Distributed
                  System Security Symposium (NDSS '13)},
  year = 	 2013,
  publisher = {Internet Society}
}

@inproceedings{feamster:wpes2004,
  title = {Location Diversity in Anonymity Networks}, 
  author = {Nick Feamster and Roger Dingledine}, 
  pages = {66--76},
  booktitle = {WPES'04: Proceedings of the 2004 ACM Workshop on
                  Privacy in the Electronic Society},
  year = 2004, 
  month = {October}, 
  address = {Washington, DC, USA}, 
  editor = {Sabrina {De Capitani di Vimercati} and Paul Syverson},
  publisher = {ACM Press},
  www_ps_url = {http://freehaven.net/doc/routing-zones/routing-zones.ps}, 
  www_section = {Anonymous communication}, 
}

@InProceedings{tor-as,
  author = 	 {Matthew Edman and Paul Syverson},
  title = 	 {{AS}-awareness in {Tor} Path Selection},
  booktitle = {CCS'09: Proceedings of the 16th ACM Conference on
                  Computer and Communications Security},
  pages =        {380--389},
  year = 	 2009,
  editor = 	 {Somesh Jha and Angelos D. Keromytis and Hao Chen},
  publisher = {ACM Press}
}

@inproceedings{murdoch:pet2007,
  title     = {Sampled Traffic Analysis by {I}nternet-Exchange-Level 
               Adversaries}, 
  author    = {Steven J. Murdoch and Piotr Zieli{\'n}ski}, 
   booktitle =   {Privacy Enhancing Technologies: 7th International
                  Symposium, {PET} 2007},
   pages =       {167--183},
   year =        {2007},
   editor =      {Nikita Borisov and Philippe Golle},
  publisher =    {Springer-Verlag, LNCS 4776}
}

@MastersThesis{juen-masters,
  author = 	 {Joshua Paul Joseph Juen},
  title = 	 {Protecting Anonymity in the Presence of Autonomous
                  System and Internet Exchange Level Adversaries}, 
  school = 	 {University of Illinois at Urbana-Champaign},
  year = 	 2012
}

@inproceedings{lastor,
  title = {{LASTor}: A Low-Latency {AS}-Aware {Tor} Client}, 
  author = {Masoud Akhoondi and Curtis Yu and Harsha V. Madhyastha}, 
  booktitle = {Proceedings of the 2012 IEEE Symposium on Security and Privacy}, 
  year = {2012}, 
  month = {May}, 
  www_pdf_url = {http://www.cs.ucr.edu/~harsha/papers/oakland12.pdf}, 
  www_tags = {selected}, 
  www_section = {Anonymous communication,Tor Performance}, 
}

@inproceedings{jansen2014kist,
    title={Never Been {KIST}: Tor's Congestion Management Blossoms with Kernel-Informed Socket Transport},
    author={Jansen, Rob and Geddes, John and Wacek, Chris and Sherr, Micah and Syverson, Paul},
    booktitle={Proceedings of the 23rd USENIX Security Symposium},
    year={2014},
    organization={USENIX Association}
}

@Misc{caida,
    key = {caida},
    title = {{The {CAIDA} {UCSD} Internet Topology Data Kit - December 2013}},
    howpublished = {\url{http://www.caida.org/data/internet-topology-data-kit}},
}

@Misc{routeviews,
    key = {routeviews},
    title = {University of {O}regon Route Views Project},
    howpublished = {\url{http://www.routeviews.org/}}
}

@inproceedings{Qiu05aspath,
    author = {Jian Qiu and Lixin Gao},
    title = {{AS} Path Inference by Exploiting Known {AS} Paths},
    booktitle = {Proceedings of IEEE GLOBECOM},
    year = {2005}
}

@inproceedings{Augustin-IMC2009,
 author = {Augustin, Brice and Krishnamurthy, Balachander and Willinger, Walter},
 title = {{IXP}s: Mapped?},
 booktitle = {Proceedings of the 9th ACM SIGCOMM Conference on Internet Measurement Conference (IMC '09)},
 year = {2009}
} 

@techreport{Cai12b,
	author = "Xue Cai and John Heidemann and Balachander Krishnamurthy and Walter Willinger",
	title = "An Organization-Level View of the {I}nternet and its Implications (Extended)",
	institution = "USC/Information Sciences Institute",
	year = "2012",
	number = "ISI-TR-2009-679",
	month = "June"
}

@ARTICLE{bfmr10pieee, 
author={Butler, K. and Farley, T. R. and McDaniel, P. and Rexford, J.}, 
journal={Proceedings of the IEEE}, 
title={A Survey of {BGP} Security Issues and Solutions}, 
year={2010}, 
month={Jan}, 
volume={98}, 
number={1}, 
pages={100--122}
}

@ARTICLE{hra11cst, 
author={Huston, G. and Rossi, M. and Armitage, G.}, 
journal={Communications Surveys Tutorials, IEEE}, 
title={Securing {BGP} --- A Literature Survey}, 
year={2011}, 
month={Second}, 
volume={13}, 
number={2}, 
pages={199--222}
}

@misc{torblog-relayearly,
  key = {Tor security advisory: ``relay early'' traffic confirmation attack},
  title = {{Tor security advisory: ``relay early'' traffic confirmation attack}},
  howpublished = {\url{https://blog.torproject.org/blog/tor-security-advisory-relay-early-traffic-confirmation-attack}},
  month = {July},
  year = {2014}
}

@Article{rewebber,
  author = 	 {Ian Goldberg and David Wagner},
  title = 	 {{TAZ Servers and the Rewebber Network: Enabling Anonymous Publishing on the World Wide Web}},
  journal = 	 {First Monday},
  year = 	 1998,
  volume = 	 3,
  number = 	 4,
  month = 	 {April},
  howpublished = {\url{http://firstmonday.org/ojs/index.php/fm/article/view/586/507}}
}

@Article{onion-routing:cacm99,
    author = "David M. Goldschlag and Michael G. Reed and Paul F. Syverson",
    title = "{Onion Routing for Anonymous and Private Internet Connections}",
    journal = "Communications of the ACM",
    volume = "42",
    number = "2",
    pages = "39--41",
    month = "February",
    year = "1999"
}

@InCollection{fosad00,
  author = 	 {Paul Syverson and Iliano Cervesato},
  title = 	 {The Logic of Authentication Protocols},
  booktitle = 	 {Foundations of Security Analysis and Design:
                  Tutorial Lectures}, 
  pages = 	 {63--136},
  publisher = {Springer-Verlag, LNCS 2171},
  year = 	 2001,
  editor = 	 {Riccardo Focardi and Roberto Gorrieri}}
